2559 3151
839 409 1335 497 caput
1417 413 1574 480 ΙΙ.

61 480 171 580 ὄν
181 486 542 620 librorum,
577 522 833 590 quibus
855 526 1166 591 Aeschyli
1200 525 1555 596 Supplices
1590 525 2045 585 continentur,
2080 524 2379 576 familiis.

139 692 436 793 Wlfflin
463 730 555 774 iam
581 729 646 774 ad
665 723 960 786 antiquiorum
987 728 1201 773 librorum
1228 730 1420 775 indolem
1448 729 1797 790 explorandam,
1836 729 1891 773 de
1926 743 2013 787 qua
2055 744 2105 780 re
2143 738 2194 773 ιιι
2221 730 2380 774 rectius

59 808 314 866 &ditisque
339 806 577 860 iudicetur,
605 814 705 848 aute
734 802 880 848 omnia
908 804 959 847 id
983 803 1199 860 agendum
1226 813 1315 858 est,
1351 814 1400 847 ut
1427 804 1720 862 pervestigata
1759 803 2056 849 similitudinis
2096 814 2225 861 atque
2253 805 2380 849 diffe-

58 881 222 934 1⁶0⁸stOE
245 880 419 927 ratione
437 877 637 928 santiliae
665 877 877 935 quaedam
906 877 1237 921 constituantur.
1281 875 1404 941 idem
1428 885 1734 934 argumentum
1755 877 1951 922 breviter
1970 876 2178 923 tractavit
2196 877 2378 921 Abren-

61 958 157 1006 sim
179 955 275 1011 „da
303 953 470 998 caussis
500 952 759 1010 quibusdam
787 952 1004 1011 Aeschyli
1031 952 1226 998 nondum
1261 951 1363 992 satis
1398 950 1629 994 emendati‘
1632 954 1645 978 ‘
1687 967 1732 1008 p.
1747 952 1777 993 3
1791 978 1837 984 —
1853 953 1918 1001 6.,
1956 951 2080 995 cuius
2117 951 2377 995 sententiam

58 1027 242 1077 bodies
271 1026 382 1071 uiris
405 1026 549 1071 doctis
580 1026 721 1081 (velut
751 1040 776 1068 a
806 1023 1105 1082 Bambergero
1134 1023 1182 1067 in
1210 1020 1366 1066 Praef.
1395 1022 1449 1064 ad
1481 1020 1675 1080 Choeph.
1707 1039 1752 1080 p.
1766 1022 1872 1079 Vl.)
1902 1024 1994 1067 fere
2023 1024 2202 1082 probari
2231 1022 2376 1078 rideo,

59 1114 303 1159 quanquam
347 1113 439 1143 non
486 1097 703 1147 exomni
738 1106 863 1156 parte
903 1112 1069 1141 veram.
1144 1094 1237 1152 Qui
1279 1093 1395 1150 quod
1432 1092 1623 1137 codicem
1659 1094 1923 1146 Mediceum‚
1965 1096 2377 1158 Guelferbytanum,

58 1246 277 1293 derivatos
307 1244 410 1289 dicit
437 1260 479 1303 p.
494 1244 538 1288 5.
552 1273 567 1298 ,
594 1243 639 1286 id
669 1242 989 1299 quodammodo
1016 1251 1059 1285 et
1085 1256 1245 1287 verum
1273 1250 1338 1284 est
1365 1250 1408 1284 et
1434 1239 1623 1295 falsumg
1651 1256 1830 1295 verum,
1869 1240 1908 1284 si
1936 1240 2046 1284 illud
2072 1241 2285 1287 iudicium
2311 1243 2374 1289 ita

56 1321 416 1378 interpretamur,
444 1326 495 1359 ιιι
523 1316 708 1372 antiquis
738 1315 1004 1373 temporibus
1034 1329 1094 1357 ex
1116 1330 1211 1358 ,uno
1239 1314 1386 1362 codice
1413 1313 1543 1357 varia
1572 1314 1824 1372 apographa
1854 1314 1971 1356 sacta
1999 1329 2059 1357 ex
2086 1315 2223 1372 iisque
2251 1316 2374 1360 dein-

57 1406 154 1451 ceps
179 1399 354 1435 nostros
382 1389 519 1433 libros
548 1389 697 1446 ductos
727 1404 823 1433 esse
850 1398 1116 1441 statuamus;
1144 1388 1322 1443 falsum,
1352 1388 1390 1431 si
1413 1388 1493 1431 hos
1521 1386 1641 1445 ipsos
1667 1404 1728 1432 ex
1747 1404 1837 1431 uno
1860 1389 2094 1446 eodemque
2113 1391 2228 1436 libro
2249 1394 2374 1438 nullo

55 1464 239 1512 aliorum
277 1461 635 1522 apographorum
672 1460 899 1505 interiectu
944 1460 1248 1519 transscriptos
1284 1460 1602 1507 existimamus.
1680 1459 1824 1515 Nam,
1857 1468 1920 1505 'ut
1959 1462 2148 1520 imagine
2183 1465 2372 1523 quadam

54 1537 266 1582 librorum
294 1547 497 1580 naturam
524 1536 770 1592 designem,
814 1551 965 1580 omnes
994 1551 1084 1580 non
1111 1552 1193 1595 pro
1219 1536 1345 1590 filiis,
1384 1535 1459 1579 sed
1497 1550 1579 1594 pro
1616 1535 1844 1593 nepotibus
1885 1535 2024 1579 unius*
2050 1535 2156 1580 libri
2183 1537 2372 1583 habendi

54 1610 270 1661 videntur.
327 1609 406 1654 Ex
428 1606 649 1661 communi
669 1620 812 1653 autem
833 1610 953 1653 fonte
977 1626 1150 1654 omnem
1172 1619 1282 1667 quae
1302 1610 1431 1653 hodie
1456 1610 1599 1652 fertur
1621 1609 1863 1667 scripturae
1889 1609 2144 1653 varietatem
2164 1612 2368 1670 fluxisse,
2412 1605 2415 1608 ’

52 1682 202 1739 Ingens
232 1682 444 1728 vitiorum
473 1681 920 1738 gravissimarumque
951 1683 1299 1739 corruptelarum
1326 1682 1558 1725 multitudo
1598 1682 1741 1732 docet,
1782 1682 1941 1737 quibus
1980 1683 2092 1726 nihil
2120 1686 2278 1728 aux-ilii
2307 1704 2369 1730 ex

53 1751 269 1812 codicibus
299 1762 374 1799 aut
403 1753 662 1801 editionibus
689 1752 837 1813 parari
864 1762 1021 1814 potest.
1078 1752 1232 1813 Neque
1259 1764 1403 1800 tamen
1433 1770 1542 1813 quae
1570 1752 1796 1800 intercedit
1823 1753 1938 1799 inter
1964 1754 2101 1800 libros
2130 1755 2369 1806 similitudo

51 1837 167 1882 tanta
191 1838 280 1881 est,
309 1838 357 1869 ιιι
386 1842 535 1869 omues
566 1827 620 1868 ad
644 1842 779 1870 unam
799 1827 1011 1868 familiam
1032 1828 1197 1868 referre
1222 1843 1366 1883 queas.
1411 1828 1565 1870 Potius
1593 1828 1817 1870 varietatis
1841 1828 2043 1884 exempla
2066 1829 2368 1883 perlustranti-

51 1899 129 1947 bus
157 1916 216 1946 ea
234 1900 362 1946 nobis
392 1917 438 1945 se
468 1900 601 1945 offert
629 1898 937 1958 discrepantia,
966 1898 1021 1943 ad
1044 1914 1175 1956 quam
1193 1902 1497 1960 explicandam
1521 1902 1797 1947 diversarum
1819 1900 2088 1946 familiarum
2105 1906 2367 1962 cogitatione

0 2016 1 2019 ,
53 1985 169 2034 opus
190 1989 287 2019 esse
315 1975 528 2019 videatur.

0 2036 1 2046 ἵ
158 2048 233 2092 Ac
267 2047 460 2106 primum
497 2046 671 2104 quidem
714 2047 1109 2107 Guelferbytanum
1152 2020 1341 2092 codicem
1382 2058 1423 2091 et
1460 2048 1567 2091 Aldi
1606 2048 1837 2092 editionem
1883 2050 1940 2092 ad
1958 2066 2112 2096 unam
2150 2053 2367 2102 familiam

49 2119 286 2180 pomnen,
314 2138 375 2166 ex
402 2138 453 2166 eo
481 2122 495 2165 i
548 2120 762 2178 elligitur,
794 2120 910 2178 quod
931 2120 1049 2165 illius
1080 2121 1294 2180 scriptura
1324 2131 1413 2165 tam
1430 2137 1566 2180 prope
1592 2121 1647 2164 ad
1668 2121 1796 2165 huius
1817 2121 2147 2172 similitudinem
2164 2130 2368 2175 accedere

50 2194 228 2253 dicitur,
255 2207 305 2241 ιιι
333 2214 361 2256 q
546 2212 606 2239 ex
637 2196 692 2244 G.
722 2211 932 2255 expressa
963 2197 1020 2240 sit
1047 2212 1138 2241 non
1167 2193 1454 2240 dubitandum
1483 2193 1697 2239 videatur.
1741 2192 1797 2238 ln
1825 2211 1911 2253 qua
1940 2211 1989 2239 re
2012 2200 2229 2255 sequenda
2257 2202 2368 2249 mihi

48 2269 352 2319 esthht-ensii
378 2271 593 2314 sententia
622 2286 666 2328 p.
680 2270 722 2313 4.
737 2299 752 2324 ,
795 2270 871 2326 qui
906 2284 1024 2313 nova
1062 2270 1220 2313 codicis
1252 2268 1309 2316 G.
1347 2269 1579 2314 collatione
1618 2283 1725 2311 usus
1755 2269 1981 2313 meliorem
2010 2271 2062 2313 de
2090 2288 2141 2315 ea
2170 2289 2220 2316 re
2247 2274 2366 2319 iudi-

49 2340 187 2403 candi·
202 2343 492 2388 conditionem
520 2343 723 2391 habebat.
781 2343 858 2386 Ex
888 2358 939 2387 ea
967 2344 1199 2388 collatione
1227 2353 1373 2401 patere
1402 2342 1621 2397 affirmat,
1656 2343 1817 2386 multas
1846 2344 1908 2386 A.
1938 2344 2144 2389 lectiones
2175 2362 2202 2394 a
2232 2349 2285 2393 G.
2316 2360 2365 2396 ut

48 2421 173 2459 anto·
200 2415 434 2459 videbatur
462 2417 661 2460 diversas
683 2415 738 2464 in
766 2415 864 2473 ipso
892 2415 971 2475 illo
998 2416 1115 2459 libro
1144 2424 1335 2459 exstare.

109 2524 111 2526 .
134 2485 252 2538 ulam
265 2503 400 2545 quum
418 2489 575 2533 horum
590 2489 803 2531 librorum
823 2488 1020 2533 maxima
1037 2487 1272 2533 similitudo
1298 2489 1355 2531 sit
1369 2502 1621 2545 summaque
1640 2486 1956 2542 convenientia,
1987 2489 2226 2546 quaeritur,
2253 2507 2365 2538 num

44 2555 199 2616 religni
228 2558 310 2615 (Μ.
341 2559 401 2605 R.
425 2560 507 2617 P.)
539 2561 594 2606 ab
625 2560 679 2604 iis
711 2560 819 2603 adeo
847 2559 1121 2618 discrepent,
1159 2571 1212 2606 ut
1245 2561 1464 2609 diversam
1502 2562 1713 2605 familiam
1742 2562 1913 2608 efficere
1943 2563 2229 2608 existimandi
2256 2566 2362 2614 sint.

44 2629 131 2673 Ad
148 2645 277 2688 quam
306 2635 604 2692 quaestionem
632 2644 860 2691 antequam
888 2633 1123 2687 accedam,
1139 2632 1223 2676 hoc
1250 2634 1439 2692 primum
1466 2634 1675 2688 monebo,
1704 2649 1837 2691 quum
1866 2633 1913 2675 in
1939 2630 1995 2678 P.
2025 2651 2263 2696 permagna
2291 2640 2362 2684 in..

45 2701 245 2767 veniatur
271 2707 507 2752 lectionum
535 2707 589 2751 ad
619 2708 790 2752 nullum
818 2708 951 2754 alium
979 2707 1144 2755 librum
1173 2705 1482 2765 pertinentium
1510 2706 1762 2761 multitudo,
1799 2705 1941 2750 videri
1977 2723 2076 2751 eum
2112 2725 2212 2756 cum
2236 2712 2362 2771 nullo

44 2772 101 2817 in
117 2762 307 2821 fai-iliae
336 2780 584 2825 societatem
613 2780 820 2838 coniungi
847 2796 989 2840 posse.
1047 2778 1222 2823 Etenim
1250 2793 1355 2836 quas
1383 2778 1475 2836 ipse
1504 2779 1621 2822 solus
1651 2779 1784 2823 habet
1812 2779 2076 2838 scripturas,
2106 2797 2182 2825 eae
2208 2768 2360 2830 multis

44 2845 148 2893 locis
192 2853 284 2896 tam
319 2852 450 2913 longe
490 2872 515 2899 a
555 2855 825 2913 reliquorum
854 2853 1146 2899 consentiente
1175 2852 1266 2897 fere
1296 2852 1551 2897 auctoritate
1580 2852 1798 2898 librorum
1826 2854 2060 2909 recedunt,
2102 2865 2179 2911 ut,
2222 2872 2359 2915 quum

2009 2934 2040 2978 3
