2559 3151
1164 860 1276 908 De

310 1021 994 1089 emendatione
1050 1016 1459 1081 fabulae
1513 993 2136 1109 Αεεωιγὲζοξῗρ,

731 1207 900 1258 quae
938 1192 1277 1255 Suppliees
1314 1189 1709 1240 inscribitur.

41 1516 149 1579 In
173 1530 390 1592 Aeschyli
416 1529 590 1574 fabulas
620 1526 821 1587 quamvis
858 1535 1009 1569 nostra
1046 1533 1186 1568 aetate
1223 1537 1249 1564 e
1277 1518 1477 1562 virorum
1505 1518 1731 1563 doctorum
1765 1519 1921 1564 studiis
1958 1521 2147 1565 multum
2179 1522 2376 1569 utilitatis
2419 1585 2423 1587 ξ

62 1605 395 1660 redundaverit,
425 1603 636 1661 multique
663 1617 843 1657 versus,
874 1598 950 1659 qui
978 1598 1084 1644 olim
1112 1596 1306 1656 corrupti
1335 1595 1639 1653 obscur-atique
1666 1593 1887 1651 iacebant,
1915 1594 2007 1639 iam
2036 1595 2219 1641 correcti
2247 1607 2379 1656 atque

60 1666 269 1726 illustrati
296 1678 562 1733 habeantur,
592 1686 741 1724 ¹tamen
765 1675 1003 1719 etiamnum
1029 1682 1148 1716 tanta
1177 1672 1517 1729 depravatorum
1543 1668 1740 1710 locorum
1767 1668 2000 1711 multitudo
2028 1678 2178 1723 restat,
2208 1668 2272 1726 ut‘,
2301 1672 2381 1730 qui

63 1764 201 1801 artem
229 1752 425 1798 criticam
451 1751 650 1795 factitare
676 1749 801 1806 velit,
832 1749 1005 1794 abunde
1032 1747 1240 1792 materiae
1270 1743 1444 1797 habeat,
1475 1742 1521 1784 in
1551 1757 1635 1799 qua
1665 1740 1933 1786 coniectandi
1967 1740 2097 1786 faciat
2133 1743 2381 1802 periculum

63 1839 105 1873 et
131 1825 296 1886 ingenii
324 1841 508 1869 acumen
536 1834 751 1868 exerceat.
822 1823 879 1866 ln
916 1838 1000 1880 qua
1036 1837 1087 1865 re
1124 1835 1258 1877 quum
1298 1833 1377 1874 ego
1408 1831 1577 1873 quoque
1606 1816 1871 1881 aliquamdiu
1908 1816 2096 1875 opellam
2123 1833 2270 1862 meam
2297 1836 2380 1878 po-

62 1901 249 1946 suissem
287 1899 507 1956 multaque
545 1896 703 1957 partim
740 1907 901 1940 temere
938 1893 1101 1955 partim
1135 1909 1227 1938 non
1263 1905 1443 1951 prorsus
1483 1888 1717 1932 infeliciter
1754 1899 2012 1944 tentassem,
2052 1905 2109 1933 ne
2138 1891 2279 1935 omnis
2307 1892 2381 1938 hic

63 1973 318 2020 emendandi
345 1973 471 2017 labor
497 1973 610 2016 iusto
638 1969 919 2014 fundamento
949 1977 1116 2013 careret
1145 1976 1220 2011 aut
1249 1965 1304 2008 ad
1332 1963 1568 2007 iucundam
1595 1963 1774 2007 ludendi
1802 1963 2024 2008 levitatem
2052 1965 2239 2022 rediret,
2280 1978 2382 2013 ante

65 2046 210 2092 omnia
239 2046 291 2089 de
319 2045 560 2100 librorum,
603 2043 758 2101 quibus
787 2042 1003 2103 Aeschyli
1030 2042 1200 2086 fabulas
1231 2042 1462 2097 debemus,
1494 2041 1748 2085 auctoritate
1775 2051 1818 2085 et
1844 2041 1928 2084 fide
1958 2042 2256 2098 quaerendum
2284 2060 2382 2089 esse

63 2119 285 2175 intellexi,
315 2118 359 2162 id
390 2118 505 2176 quod
533 2134 559 2161 a
587 2117 760 2162 nemine
789 2116 896 2160 satis
926 2125 1123 2159 accurate
1157 2115 1322 2160 factum
1349 2115 1560 2166 mirabar.
1625 2115 1779 2173 Itaque
1814 2132 1885 2160 me
1923 2115 2205 2175 accingebam
2242 2119 2297 2163 ad
2324 2120 2381 2164 li-

63 2194 245 2237 brorum
280 2193 458 2236 illorum
492 2201 695 2235 naturam
738 2199 779 2234 et
814 2190 1028 2234 rationem
1056 2190 1398 2249 explorandam3
1442 2206 1573 2248 quam
1601 2206 1696 2234 rem
1726 2199 1902 2234 strenue
1930 2206 2163 2249 aggressus
2199 2194 2275 2237 ubi
2303 2210 2382 2253 per

65 2265 239 2325 aliquod
266 2274 436 2325 tempus
466 2265 678 2321 tractavi,
708 2281 800 2309 non
827 2263 970 2308 solum
997 2278 1107 2322 quae
1135 2262 1419 2311 intercederet
1446 2266 1560 2310 inter
1589 2265 1787 2323 singulos
1815 2265 1952 2309 libros
1977 2266 2244 2324 cognationis
2266 2263 2381 2312 ratio

64 2347 106 2382 et
134 2352 246 2396 quae
272 2337 425 2394 cuique
461 2338 572 2382 fides
601 2339 801 2381 habenda
839 2347 972 2392 esset,
1013 2338 1285 2396 perspicere,
1327 2340 1402 2382 sed
1433 2340 1560 2383 etiam
1587 2339 1798 2383 vitiorum
1827 2340 2066 2383 multorum
2094 2349 2137 2383 et
2164 2340 2381 2398 originem

64 2411 261 2470 detegere
289 2421 331 2456 et
359 2411 702 2456 emendationem
728 2411 927 2456 invenire
955 2409 1064 2454 mihi
1087 2408 1292 2460 videbar.
1349 2411 1525 2458 Horum
1555 2412 1796 2457 studiorum
1825 2412 2043 2470 specimen
2071 2411 2225 2455 edendi
2254 2428 2381 2457 occa-

65 2484 231 2529 sionem
259 2494 438 2540 nactus,
480 2501 537 2529 ne
566 2485 701 2529 nimia
730 2482 948 2528 scribendi
975 2482 1155 2527 materia
1190 2483 1403 2543 impediar
1432 2496 1559 2544 atque
1594 2486 1777 2537 obruar,
1815 2484 1865 2527 in
1904 2484 2117 2543 exemplis
2144 2485 2382 2531 afferendis

65 2559 194 2604 unius
221 2568 389 2604 tantum
419 2559 617 2617 fabulae,
647 2575 755 2619 quae
783 2568 825 2604 et
854 2555 1181 2618 corruptissima
1210 2568 1275 2642 est
1303 2568 1346 2603 et
1366 2560 1561 2605 maxime
1576 2574 1602 2604 a
1618 2557 1727 2604 viris
1757 2557 1893 2603 doctis
1921 2558 2136 2618 neglecta,
2163 2559 2382 2606 rationem

66 2634 260 2689 habebo,
290 2634 1197 2694 supplicum..

209 2705 323 2753 Sunt
348 2720 491 2754 autem
521 2719 685 2769 septem
712 2708 985 2769 potissimum
1012 2706 1143 2765 libri,
1172 2717 1261 2754 tres
1293 2708 1456 2754 codices
1486 2717 1528 2752 et
1558 2717 1761 2767 quattuor
1790 2707 2024 2765 editiones,
2057 2709 2214 2768 quibus
2241 2708 2382 2756 edito-

66 2796 135 2825 res
162 2779 211 2824 in
239 2780 369 2826 huius
398 2774 694 2828 emendatione
731 2785 909 2837 fabulae
936 2783 1005 2828 usi
1033 2793 1156 2837 sunt;
1194 2798 1380 2842 querum
1407 2782 1586 2827 nomina
1614 2782 1723 2827 haec
1752 2782 1934 2828 habetoz
1974 2783 2117 2827 codex
2143 2783 2382 2840 Medio-sus,

2005 2863 2067 2907 1*
