2559 3151
1414 0 1443 4 ,.-
1463 0 1556 8 swa-vos
1569 0 1584 11 ’,ν
1601 0 1668 13 ψ’...
1724 0 1942 21 ''⁸''⁷⁷⁸‘T,'J·W
1902 14 1904 16 .
1922 11 1930 17 ν
1942 0 2025 20 ηπ
2008 7 2010 10 ⁴
2028 0 2220 22 ψῃςι-Ῥνμ
2270 18 2272 20 γ
2300 17 2317 23 Ἰ,

1938 32 1944 36 ,
2050 26 2054 27 ⁷
2152 23 2166 26 ··
2227 23 2251 33 ν,
2270 32 2272 35 ,
2332 24 2337 32 v

926 400 1445 513 ‘caput
1526 435 1694 523 1„

422 563 509 610 De
554 560 854 610 Turnebi
899 567 965 610 et
1009 562 1300 612 Victorii
1345 554 1717 627 editionum
1763 567 2182 619 auctoritate.

276 752 493 798 Veterum
522 751 739 813 Aeschyli
768 750 1006 815 editionum
1019 781 1034 809 ,
1075 750 1292 814 Aldinae,
1333 751 1715 809 Robortellianae,
1753 751 2067 797 Turnebianae
2103 763 2147 798 et
2173 743 2468 811 Victorianae,

133 829 250 889 quod
289 825 578 886 Wellauerus
622 825 770 876 Praes.
809 842 853 885 p.
884 824 966 871 Vl,
1002 841 1219 870 summam
1258 826 1555 872 auctoritatem
1590 838 1633 872 et
1669 826 1983 888 praestantiam
2020 842 2112 871 esse
2142 826 2268 885 dicit,
2304 825 2350 871 id
2378 826 2466 873 vix

132 903 222 949 dici
249 911 391 962 potest
420 910 685 959 quantopere
714 915 742 943 a
770 900 954 944 veritate
984 900 1219 943 abhorreat
1248 909 1539 957 quantumque
1568 900 1798 962 Aeschylo
1827 901 2039 949 nocuerit.
2096 901 2245 958 Atque
2273 901 2327 948 de
2354 900 2466 947 Aldi

132 976 309 1039 quidem
340 986 382 1021 et
400 973 649 1020 Robortelli
675 973 936 1019 editionibus
965 983 1115 1033 postea
1145 971 1459 1032 disputabunt-3
1490 971 1729 1018 Turnebus
1758 983 1925 1030 autem,
1957 989 2087 1033 quem
2112 972 2339 1019 Victorius
2368 973 2464 1035 pb-

129 1067 317 1109 rumque
344 1048 407 1093 ita
434 1047 655 1107 sequitur,
682 1056 733 1091 ut
761 1046 856 1091 eius
887 1061 1042 1091 caussa
1071 1048 1127 1092 ab
1155 1047 1273 1096 illius
1302 1047 1562 1091 iudicatione
1589 1047 1759 1104 seiungi
1785 1056 1995 1105 nequeat,
2036 1056 2195 1106 quanta
2222 1046 2465 1092 temeritate

132 1134 176 1169 et
202 1121 385 1168 audacia
411 1121 462 1164 in
488 1131 640 1179 poetae
668 1110 808 1165 verba
837 1130 1062 1177 grassatus
1092 1120 1169 1175 sit,
1210 1120 1292 1163 hoc
1322 1120 1460 1178 capite
1495 1120 1793 1163 demonstrare
1820 1120 2026 1166 conabor.
2093 1119 2140 1164 ls
2169 1118 2288 1164 enim
2327 1128 2464 1177 quum

129 1209 220 1243 tres
249 1207 423 1240 tantum
449 1195 644 1247 fabulas,
673 1204 724 1238 ut
750 1195 845 1253 ipse
872 1194 1033 1239 fatetur
1060 1193 1110 1238 in
1138 1193 1408 1253 praefatione
1437 1207 1623 1250 graeca,
1661 1191 1821 1238 codicis
1851 1192 2031 1238 alicuius
2068 1192 2317 1256 adiumento
2351 1205 2460 1236 usus

130 1271 301 1326 ederet,
334 1271 463 1327 (quas
492 1268 666 1313 fabulas
695 1267 1033 1323 Prometheum,
1063 1266 1241 1327 Septem
1270 1277 1311 1312 et
1342 1267 1500 1312 Persas
1529 1266 1665 1310 inisse
1693 1266 1823 1311 facile
1848 1266 2145 1326 intelligitur,)
2184 1266 2241 1309 ad
2268 1265 2461 1323 reliqua-

129 1360 232 1389 rum
260 1341 611 1387 emendationem
639 1341 752 1384 nihil
780 1340 942 1384 anxilii
973 1341 1158 1383 habebat
1190 1353 1359 1399 praeter
1383 1340 1772 1398 depravati-simae
1786 1341 1978 1384 Aldinae
1997 1341 2239 1399 exemplar,
2268 1338 2318 1382 in
2339 1336 2462 1382 cuius
2541 1343 2548 1355 ²

128 1420 250 1465 vitiis
279 1417 486 1463 tollendis
517 1432 646 1474 saepe
672 1414 787 1459 miro
815 1414 946 1459 modo
976 1430 1025 1457 se
1053 1412 1194 1458 torsit.
1244 1412 1351 1458 Nou
1378 1414 1627 1472 negandum
1656 1424 1744 1469 est,
1773 1414 1887 1459 haud
1917 1414 2063 1474 paucis
2091 1414 2199 1459 locis
2227 1410 2460 1472 sagacitate
2535 1446 2538 1455 .

129 1493 223 1537 eius
257 1507 414 1537 veram
453 1490 714 1551 scripturam
750 1503 845 1536 esse
879 1487 1106 1532 inventam
1159 1497 1285 1546 atque
1324 1486 1592 1543 restitutam
1631 1488 1834 1548 pluribus
1873 1498 2018 1533 tamen
2056 1487 2270 1547 corruptis
2309 1494 2459 1546 poetae
2538 1481 2544 1548 ’Ἴ

129 1567 280 1613 verbis
311 1565 520 1623 graviora
551 1563 682 1606 etiam
710 1564 897 1606 vulnera
939 1562 1105 1605 inflixit
1141 1561 1489 1620 posterioresque
1525 1562 1736 1617 editores,
1784 1562 1859 1619 qui
1895 1563 1987 1605 eius
2024 1561 2257 1605 editionem
2296 1559 2457 1606 codicis

77 1650 78 1653 ’
128 1657 216 1685 usu
243 1640 326 1684 niti
358 1647 583 1697 putarent,
631 1652 760 1694 saepe
788 1635 837 1679 in
877 1636 1077 1679 fraudem
1105 1636 1285 1679 induxit
1329 1647 1370 1679 et
1410 1652 1567 1679 veram
1603 1636 1861 1680 emendandi
1897 1635 2022 1681 viam
2061 1635 2282 1680 obstruxit
2329 1645 2457 1694 atque

127 1713 396 1768 interclusit,
427 1712 472 1756 id
502 1710 620 1768 quod
650 1706 911 1754 Wellauero
941 1724 1067 1768 saepe
1096 1708 1267 1757 accidit.
1325 1707 1397 1757 cf.
1428 1709 1483 1753 ad
1512 1725 1561 1754 v.
1590 1709 1693 1755 354.
1723 1709 1824 1755 404.
1854 1710 1956 1754 675.
1985 1710 2088 1766 598.
2119 1710 2178 1754 al.

272 1787 372 1833 Iam
400 1795 450 1828 ut
483 1785 536 1827 de
564 1783 693 1826 huius
721 1781 923 1824 editionis
951 1782 1099 1824 indole
1126 1780 1299 1824 facilius
1326 1774 1523 1826 iudicari
1540 1783 1703 1844 possit,
1742 1784 2029 1841 gravissimas
2069 1785 2305 1842 scripturas
2331 1786 2454 1829 nullo

126 1865 213 1907 alio
254 1863 368 1904 libro
406 1860 587 1902 traditas
625 1858 673 1900 in
711 1872 874 1913 genera
913 1857 1129 1912 quaedam
1167 1855 1448 1912 distribuam,
1486 1868 1531 1902 et
1569 1857 1763 1916 primum
1792 1856 1968 1916 quidem
2003 1874 2053 1903 ea
2084 1857 2363 1916 significabo,
2392 1875 2453 1904 ex

126 1935 284 1995 quibus
314 1931 508 1994 maxime
538 1938 742 1990 apparet,
773 1937 1039 1988 quantopere
1069 1927 1308 1972 Turnebus
1338 1944 1398 1973 ex
1426 1929 1549 1974 Aldo
1577 1930 1773 1993 pendeat.
1839 1930 1917 1974 Ex
1953 1931 2144 1974 Aldinae
2180 1931 2302 1976 vitiis
2338 1933 2454 1976 male

127 2009 333 2052 correctis
372 2008 478 2048 haec
513 2004 728 2058 originem
764 2012 1029 2056 traxerunt,
1068 2018 1176 2058 quae
1211 2003 1418 2057 leguntur
1454 2020 1503 2049 v.
1534 2004 1607 2049 15.
1641 2005 1719 2050 43.
1746 2005 1823 2050 47.
1861 2004 1939 2050 61.
1969 2003 2045 2050 66.
2075 2004 2179 2050 116.
2212 2004 2315 2051 156.
2347 2005 2451 2052 194.
2538 2030 2539 2033 “

124 2085 233 2131 212.
262 2081 370 2128 259.
400 2078 508 2126 261.
539 2077 647 2125 269.
677 2077 785 2123 314.
813 2077 921 2123 317.
951 2076 1057 2122 382.
1088 2076 1197 2122 387.
1226 2075 1335 2122 428.
1373 2077 1481 2123 444.
1518 2077 1627 2126 450.
1656 2077 1764 2125 466.
1794 2077 1901 2127 598.
1931 2078 2039 2126 638.
2068 2077 2175 2126 648.
2206 2078 2312 2126 655.
2343 2078 2450 2128 659.

123 2156 234 2205 675.
263 2154 372 2200 694.
403 2152 509 2197 756.
540 2151 647 2198 759.
678 2151 786 2197 767.
816 2152 921 2196 772.
953 2151 1059 2196 793.
1100 2152 1207 2197 807.
1247 2152 1354 2196 823.
1383 2152 1490 2197 832.
1520 2154 1628 2199 848.
1658 2154 1765 2202 856.
1795 2154 1903 2201 860.
1932 2156 2040 2200 872.
2069 2155 2175 2200 873.
2206 2155 2313 2201 917.
2341 2156 2452 2203 978.

125 2232 265 2281 1008.
299 2227 436 2275 1026.
466 2227 603 2273 1041.
634 2225 771 2272 1058.

269 2302 446 2345 Horum
477 2299 782 2356 exemplorum
807 2296 1027 2352 indolem,
1056 2298 1102 2341 in
1133 2314 1320 2355 quorum
1349 2301 1672 2348 enumeratione
1700 2318 1752 2347 ea
1781 2302 2078 2362 praetermisi,
2107 2302 2183 2346 ubi
2213 2303 2450 2351 Turnebus

122 2377 223 2436 ipsa
251 2374 445 2418 Aldinae
474 2372 634 2416 menda
661 2370 711 2414 in
739 2386 870 2414 suum
897 2370 1059 2414 librum
1088 2370 1336 2430 transtulit,
1375 2372 1414 2417 si
1450 2375 1546 2432 quis
1574 2375 1918 2422 consideraverit
1955 2387 1996 2421 et
2024 2378 2323 2437 perpenderit,
2358 2396 2452 2425 non
2535 2426 2539 2428 ,

122 2447 313 2508 amplius
344 2443 581 2500 dubitabit,
612 2443 716 2502 quid
747 2443 800 2488 de
829 2443 947 2487 illius
977 2443 1177 2487 editionis
1208 2447 1471 2503 praestantia
1502 2448 1778 2492 statuendum
1805 2450 2019 2495 videatur.
2077 2450 2251 2495 Etenim
2279 2462 2452 2511 praeter

124 2522 337 2566 Aldinam
364 2519 571 2563 editorem
607 2519 732 2562 nullo
760 2518 875 2561 libro
904 2534 1039 2575 quum
1067 2519 1180 2561 hanc
1209 2519 1404 2562 fabulam
1433 2521 1575 2563 ederet
1602 2537 1733 2565 usum
1762 2538 1856 2566 esse
1884 2523 2012 2565 facile
2040 2523 2263 2580 intelliget.
2332 2523 2451 2570 Nam

124 2594 327 2638 omnibus
358 2593 450 2635 fere
480 2591 547 2635 his
576 2592 682 2635 locis
712 2590 978 2635 Turnebum
1005 2592 1051 2635 id
1082 2592 1223 2649 egisse
1253 2602 1388 2651 patet,
1417 2603 1467 2636 ut
1495 2609 1555 2637 ex
1584 2594 1840 2639 lectionibus
1877 2596 1974 2640 sive
2012 2595 2154 2655 potius
2192 2598 2447 2655 corruptelis

121 2666 330 2723 Aldinis,
376 2681 487 2725 quae
527 2681 654 2725 saepe
695 2680 751 2709 ne
788 2680 945 2724 graeca
986 2666 1160 2723 quidem
1187 2668 1324 2711 verba
1354 2667 1589 2724 exhibent,
1633 2669 1824 2729 aliquem
1852 2679 1973 2723 certe,
1991 2686 2173 2714 sensum
2202 2683 2368 2718 erueret
2397 2689 2450 2718 ac

123 2743 280 2788 saltem
309 2741 526 2785 vocabula
556 2755 711 2796 graeca
736 2740 785 2783 in
811 2749 940 2784 textu
969 2751 1161 2799 poneret.
1206 2740 1326 2785 Idem
1358 2742 1470 2786 cadit
1497 2742 1544 2786 in
1573 2745 1712 2788 multa
1739 2743 1825 2788 alia
1853 2745 2075 2804 exempla,
2103 2744 2180 2787 ubi
2202 2760 2448 2804 quanquam

121 2816 317 2859 Aldinae
344 2814 532 2871 vestigia
562 2812 707 2856 minus
744 2814 975 2861 manifesta
1017 2824 1142 2869 sunt,
1181 2814 1447 2860 coniecturas
1484 2827 1629 2861 tamen
1659 2833 1685 2860 a
1714 2817 1928 2863 Turnebo
1964 2819 2013 2863 in
2041 2819 2278 2865 verborum
2306 2821 2447 2866 conti·

122 2887 373 2936 nuationem
396 2898 592 2947 receptas
618 2902 709 2930 esse
735 2897 863 2946 patet,
892 2887 1047 2946 quibus
1078 2898 1152 2933 aut
1179 2898 1367 2934 metrum
1396 2890 1641 2936 restitueret
1661 2902 1734 2936 aut
1759 2892 2017 2939 sententiam
2035 2892 2272 2940 adiuvaret.
2328 2893 2446 2940 Gon-
