2559 3151
32 0 466 32 ''vzwfflzffi'wssss‘fst
487 0 490 1 ⁷
504 16 508 20 -
521 0 530 13 ³

109 31 114 34 ⁴
169 36 171 38 ·
290 32 303 42 1-
318 41 320 43 .

983 74 1466 138 ...γ-

55 243 231 298 tum
255 251 402 289 altem
439 255 512 285 eas
550 251 662 299 quas
694 233 815 280 infra
843 247 1054 298 versuum
1079 233 1279 281 numeris
1308 233 1563 292 significabo
1590 231 1795 281 lectiones
1823 231 1906 277 niti
1933 248 1995 277 ex
2023 249 2075 277 eo
2103 232 2382 293 intelligitur,

57 299 173 382 quad
190 299 374 377 'semper
401 310 600 362 mutandi
636 324 818 354 caussae
846 292 1240 370 affe-diffluae
1283 324 1394 368 quae
1432 324 1568 367 quum
1604 307 1785 351 minime
1813 306 1863 349 in
1893 306 2062 350 occulto
2090 306 2282 361 iaceant,
2323 321 2382 349 nc

55 391 191 444 liheffi
217 391 428 437 ambitum
454 387 551 433 sino
577 380 728 429 fruittu
755 399 961 442 augeam,
989 383 1164 431 silentio
1190 383 1595 443 praetermittendae
1632 382 1854 427 videntur.
1918 380 2118 423 Maxime
2148 391 2291 423 autem
2318 395 2380 423 ex

55 471 156 529 ipsa
182 466 419 513 lectionum
444 460 590 506 indole
618 458 744 515 origo
771 459 879 502 satis
908 469 1056 523 aparte
1083 457 1352 519 perspicitur.
1415 454 1602 512 Antiqui
1630 455 1748 498 enim
1770 453 1873 498 libri
1902 468 2033 511 saepe
2061 450 2227 509 aliquid
2252 465 2381 510 prae-

56 541 186 595 bent,
221 537 338 596 qnod
370 545 447 580 aut
482 533 604 578 omni
641 546 773 575 sensu
809 540 955 576 careat
993 536 1071 578 aut
1103 542 1293 576 metrum
1320 528 1571 588 pessumdet
1598 536 1674 571 ant
1711 542 1768 571 ne
1796 524 1945 584 graeci
1972 525 2146 582 quidem
2173 523 2381 569 vocabuli

175 625 245 656 em
271 609 445 655 habeat.
503 603 818 654 Turnebianae
846 607 1003 648 autent
1016 604 1219 647 lectiones
1249 601 1501 661 saepissime
1525 601 1587 644 ita
1603 610 1896 658 comparatae
1924 609 2048 653 sunt,
2077 608 2147 652 ut,
2177 598 2383 655 quamvis

56 680 200 745 primo
229 675 436 740 adipectu
463 676 551 727 illis
566 675 795 735 scripturis
819 686 1039 735 praestare
1053 676 1303 734 videantur,
1331 690 1479 723 tamen
1496 693 1547 721 re
1567 674 1812 721 accuratius
1829 673 2101 718 considerata
2121 672 2381 717 falsissimae

57 752 345 804 inveniantur
372 763 415 797 et
442 768 469 796 a
504 750 701 810 genuino
737 750 954 794 scribendi
982 765 1164 808 genere,
1201 750 1314 808 quod
1350 766 1668 808 nonnunquam
1704 747 1796 792 leni
1832 746 2021 790 admissa
2050 744 2290 789 mutatione
2317 759 2379 786 ex

56 828 351 889 antiquiorum
376 825 594 870 librorum
633 823 891 882 corruptelis
927 823 1097 867 restitui
1132 833 1296 883 potest,
1333 823 1507 882 longius
1535 822 1668 867 etiam
1695 820 1857 869 absint.
1914 817 2144 863 Eiusmodi
2174 815 2379 874 exempla

55 899 254 951 invenies
283 915 332 944 v.
362 899 438 945 83.
471 899 576 945 104.
607 898 712 951 136.
744 897 865 950 139.¹
881 898 985 943 153.
1025 897 1128 944 160.
1168 898 1272 945 195.
1304 899 1408 945 196.
1437 898 1544 944 263.
1580 898 1688 943 317.
1718 898 1826 943 354.
1856 896 1966 943 381.
1993 896 2102 941 423.
2132 894 2240 940 430.
2267 892 2377 939 481.

56 972 162 1023 505.
187 966 295 1021 542.
323 971 432 1019 548.
458 970 566 1019 599.
594 970 701 1019 679.
731 972 837 1018 774.
867 971 973 1019 790.
1003 972 1110 1018 827.
1140 972 1248 1020 830.
1278 973 1384 1019 884.
1414 973 1520 1019 885.
1550 972 1656 1019 886.
1687 973 1795 1020 888.
1825 971 1932 1019 897.
1960 969 2069 1019 952.
2098 969 2206 1018 965.
2240 969 2377 1016 1027.

61 1048 197 1096 1038.
228 1048 365 1094 1054.

171 1098 351 1177 *Neque
381 1101 545 1177 exig-ua
582 1129 646 1162 est
682 1135 836 1162 eorum
875 1120 1070 1163 locorum
1109 1120 1258 1178 copia,
1301 1123 1350 1165 in
1391 1123 1548 1178 quibus
1578 1119 1820 1164 Turnebus
1848 1119 1960 1163 falsa
1991 1118 2179 1176 quadam
2204 1115 2377 1161 ratione

57 1197 208 1257 ductus
236 1210 264 1239 a
291 1210 403 1240 vera
416 1192 610 1238 Aldinae
639 1192 992 1252 reliquorumque
1019 1194 1317 1254 librorumque
1348 1195 1562 1255 scriptura
1591 1193 1806 1250 discessit,
1834 1194 2057 1252 multoque
2085 1192 2234 1252 peiora
2264 1188 2377 1234 scri-

57 1267 185 1313 heudi
210 1281 371 1325 genera
399 1264 598 1321 invexit3
626 1265 672 1309 id
700 1265 817 1323 quod
840 1265 908 1311 his
931 1268 1134 1312 versibus
1158 1268 1320 1312 sactum
1343 1269 1520 1313 videtur
1545 1283 1590 1312 v.
1610 1268 1686 1313 85.
1718 1267 1823 1313 109.
1857 1267 1960 1312 132
1994 1266 2098 1311 186.
2128 1265 2234 1310 201.
2266 1263 2376 1309 202.

0 1390 1 1403 χ
56 1341 161 1387 333.
188 1340 298 1384 371.
326 1340 434 1387 390.
462 1339 570 1385 554.
599 1338 706 1385 592.
737 1338 845 1386 680.
871 1340 981 1386 4710.
1012 1342 1123 1397 (νῦν)
1154 1341 1260 1387 719.
1297 1342 1405 1388 844.
1446 1343 1552 1387 788.
1582 1342 1688 1388 Sffi.
1718 1335 1826 1388 835.
1854 1342 1960 1387 845.
1991 1340 2098 1387 869.
2129 1339 2236 1386 901.
2267 1335 2375 1385 916.

195 1488 346 1535 Habes
370 1489 590 1547 insignem
618 1502 829 1533 versuum
859 1487 1201 1544 mudtitudinem,
1231 1491 1307 1535 ubi
1324 1491 1381 1535 T.
1415 1491 1667 1534 manifestas
1697 1489 1966 1534 coniecturas
1995 1489 2190 1533 exhibet.
2248 1487 2375 1545 Quae

55 1566 256 1609 lectiones
284 1564 325 1607 si
362 1580 424 1606 ex
452 1562 598 1607 codice
626 1562 773 1620 aliquo
802 1573 945 1606 essent
972 1564 1246 1622 desumptae,
1284 1564 1332 1607 in
1371 1582 1470 1607 eum
1510 1565 1624 1607 idem
1666 1564 1782 1621 quod
1826 1564 1879 1607 de
1908 1563 1971 1607 T.
2004 1563 2099 1606 dixi
2130 1562 2302 1606 caderet
2330 1571 2374 1604 et

55 1637 215 1681 habere
249 1653 349 1680 eum
390 1647 541 1694 aperta
579 1636 833 1680 correctoris
874 1635 1060 1692 vestigia
1095 1639 1334 1683 censendus
1371 1650 1496 1682 esset.
1569 1638 1634 1681 At
1671 1637 1786 1681 dicat
1821 1635 2038 1695 quispiam
2077 1652 2171 1679 esse
2207 1633 2375 1692 aliquot
2422 1677 2425 1680 .

55 1709 270 1769 exempla,
286 1708 363 1753 ubi
381 1707 619 1768 scripturas
636 1708 840 1768 praebeat
861 1719 934 1753 ant
953 1707 1208 1753 verissimas
1223 1723 1296 1757 aut
1314 1723 1427 1757 certe
1446 1714 1571 1768 tales,
1590 1721 1639 1755 nt
1658 1712 1780 1755 nulla
1801 1698 1999 1754 mutandi
2023 1711 2134 1753 ratio
2149 1717 2372 1768 appareat,

54 1783 234 1841 ideoque
266 1783 364 1826 fieri
401 1799 556 1842 posse,
598 1794 649 1826 ut
677 1783 916 1827 Turnebus
959 1785 1090 1827 etiam
1118 1785 1275 1830 codicis
1306 1787 1485 1830 alicuius
1515 1785 1682 1828 auxilio
1710 1785 1843 1827 fuerit
1868 1785 2055 1828 adiutus.
2117 1782 2376 1827 Cuiusmodi

54 1857 248 1914 opinioni
272 1842 324 1900 'ut
350 1867 622 1912 occurratur,
646 1857 735 1902 iam
761 1874 836 1903 eos
862 1859 983 1903 locos
1010 1858 1225 1923 indicabo,
1260 1858 1338 1904 ubi
1368 1858 1430 1904 T.
1447 1858 1663 1917 scriptura
1692 1858 1806 1902 mala
1834 1867 1902 1902 est
1927 1867 1984 1913 et,
2015 1873 2150 1915 quum
2174 1855 2230 1900 ab
2258 1852 2375 1899 anti-

56 1926 256 1987 quiorum
299 1929 556 1973 auctoritate
592 1930 808 1975 librorum
844 1933 1040 1989 recedat,
1079 1943 1224 1976 tamen
1261 1932 1384 1976 nulla
1423 1930 1551 1974 facile
1592 1930 1843 1973 mutationis
1889 1945 2043 1973 caussa
2091 1927 2373 1987 perspicitur.

54 1999 256 2056 Quorum
284 2002 458 2057 quidem
486 2018 695 2046 numerus
724 2006 1030 2062 exemplorum
1065 2007 1173 2048 adeo
1211 2015 1278 2047 est
1313 2004 1523 2060 exiguus,
1559 2014 1609 2047 ut
1652 2014 1803 2047 contra
1842 2003 2023 2048 illorum
2051 2000 2373 2047 multitudinem

52 2069 164 2117 nihil
189 2072 359 2129 valeat,
388 2073 646 2133 praesertim
672 2090 806 2133 quum
834 2076 1043 2137 pleraque
1071 2077 1308 2122 admodum
1335 2077 1454 2122 levia
1484 2075 1571 2121 sint
1600 2077 1828 2136 errorique
1855 2077 2082 2121 tribuenda
2110 2075 2371 2120 videantur:

53 2162 103 2190 v.
126 2147 176 2191 3.
203 2146 280 2193 99.
312 2148 416 2193 126.
444 2150 553 2194 357.
583 2150 692 2196 375.
723 2152 828 2197 853.
859 2152 966 2198 899.
996 2153 1104 2198 943.
2031 2167 2035 2168 ’

190 2219 286 2265 Nec
313 2222 527 2267 maiorem
557 2224 651 2269 vim
680 2225 737 2268 ad
754 2225 816 2270 T.
835 2226 967 2271 fidem
996 2226 1307 2271 defendendam
1335 2242 1386 2270 ea
1417 2227 1619 2286 exempla
1647 2227 1822 2285 habent,
1850 2226 1927 2272 ubi
1953 2227 2059 2272 haec
2080 2227 2211 2273 editio
2235 2226 2375 2288 prima

0 2337 1 2350 ἶ
50 2292 96 2339 id
122 2293 249 2351 quod
265 2310 425 2341 verum
451 2297 629 2343 videtur
661 2298 860 2346 exhibet.
932 2300 1181 2359 Quominus
1222 2299 1339 2344 enim
1368 2299 1472 2344 huic
1500 2300 1567 2345 rei
1598 2301 1787 2345 multum
1814 2302 2077 2372 tribjmus,
2112 2301 2374 2360 impedimur

0 2375 1 2389 ³
50 2378 127 2421 eo,
156 2366 270 2423 quod
299 2383 449 2414 omnes
479 2371 573 2416 eius
603 2373 775 2429 generis
804 2374 1039 2420 varietates
1066 2375 1127 2419 ita
1155 2384 1259 2419 sunt
1289 2384 1586 2432 comparatae,
1622 2386 1672 2420 ut
1698 2376 1942 2421 emendatio
1971 2377 2205 2420 admodum
2233 2376 2374 2421 facilis

0 2456 1 2459 ¹
50 2437 200 2483 fucrit.
258 2439 412 2497 Quare
440 2443 513 2489 his
544 2445 654 2504 ipsis
684 2446 749 2490 uti
776 2446 878 2491 licet
907 2449 964 2491 ad
991 2449 1035 2491 id
1067 2449 1181 2507 quod
1211 2448 1264 2490 de
1280 2446 1340 2491 T.
1373 2447 1566 2492 diximus
1592 2450 1972 2509 comprobandum.
2015 2448 2191 2492 Etenim
2213 2438 2384 2492 mirum‘

49 2512 244 2570 profecto
273 2527 407 2573 esset,
431 2520 484 2562 *si
514 2519 752 2564 Turnebus
794 2523 1027 2580 plerosque
1062 2523 1238 2579 fabulae
1275 2538 1435 2566 versus
1476 2533 1705 2582 corruptos
1746 2533 1918 2567 tentans
1957 2539 2185 2581 nunquam
2212 2538 2375 2567 verum

52 2581 322 2643 invenisset,
352 2605 409 2634 ne
435 2591 497 2637 ibi
525 2594 724 2652 quidem,
761 2595 839 2639 ubi
865 2595 1050 2654 quisque
1077 2597 1153 2641 vel
1178 2597 1456 2641 mediocriter
1482 2613 1636 2655 graece
1666 2599 1816 2642 doctus
1846 2599 2083 2655 genuinam
2111 2599 2376 2657 scripturam

50 2669 201 2701 eruere
228 2670 412 2716 poterat.
481 2665 618 2711 Cuius
657 2669 828 2726 generis
862 2669 968 2712 haec
998 2669 1200 2727 exempla
1228 2671 1410 2717 habetet
1450 2688 1500 2717 v.
1520 2674 1564 2718 2.
1593 2674 1638 2718 4.
1670 2672 1774 2718 129.
1801 2667 2094 2730 (ἄχείματον).
2123 2673 2235 2719 223.
2263 2672 2372 2719 251.

52 2730 170 2777 252.-
191 2734 297 2780 262.
328 2738 434 2784 267.
463 2742 574 2788 297.
603 2744 711 2789 3M.
740 2744 847 2791 362.
879 2744 986 2791 395.
1019 2742 1115 2799 (καὶ
1143 2747 1263 2803 om.).
1294 2747 1401 2792 412.
1431 2748 1541 2792 442.
1570 2748 1678 2793 454.
1708 2747 1814 2794 490.
1846 2747 1953 2794 496.
1985 2748 2092 2794 505.
2122 2747 2231 2794 550.
2259 2744 2370 2794 Gffi.

51 2804 159 2860 ⁶17..
188 2806 295 2854 673.
326 2812 433 2859 674.
463 2816 571 2863 692.
602 2817 709 2865 698.
742 2820 851 2866 701.
881 2821 987 2866 713.
1019 2821 1126 2866 728.
1154 2820 1261 2866 751.
1292 2821 1396 2867 781.
1428 2821 1535 2868 806.
1565 2822 1676 2868 831.
1702 2821 1811 2870 919.
1841 2822 1950 2870 922.
1981 2822 2088 2869 937.
2116 2816 2369 2879 (εὔθυμον).

192 2880 279 2930 Ηῖδ
306 2885 441 2943 ὶείῑῦὲ,
466 2893 673 2938 versibus
703 2893 908 2940 Tui-nobi
931 2911 1115 2955 operam
1141 2894 1367 2957 Aeschylo
1385 2896 1632 2942 salutarem
1658 2878 1796 2942 vfuisse
1825 2897 2004 2955 eiusque
2033 2896 2211 2954 ingenio
2239 2911 2372 2947 verat
